Winamax Poker - Tournament "POUR LA DARONNE" buyIn: 4.50€ + 0.50€ level: 1 - HandId: #2113338189845364845-10-1634495793 - Holdem no limit (25/100/200) - 2021/10/17 18:36:33 UTC
Table: 'POUR LA DARONNE(492049891)#0108' 6-max (real money) Seat #2 is the button
Seat 1: LASYLVE34 (19625)
Seat 2: NotBadRiverr (17358)
Seat 3: Sofia1712 (20175)
Seat 4: KassRM (12554)
Seat 5: Romain miklo (21200)
Seat 6: manggy94 (29538)
*** ANTE/BLINDS ***
Sofia1712 posts ante 25
KassRM posts ante 25
LASYLVE34 posts ante 25
NotBadRiverr posts ante 25
Romain miklo posts ante 25
manggy94 posts ante 25
Sofia1712 posts small blind 100
KassRM posts big blind 200
Dealt to manggy94 [Qd 2c]
*** PRE-FLOP ***
Romain miklo raises 300 to 500
manggy94 folds
LASYLVE34 folds
NotBadRiverr calls 500
Sofia1712 folds
KassRM calls 300
*** FLOP *** [Jh 5h 2d]
KassRM checks
Romain miklo checks
NotBadRiverr checks
*** TURN *** [Jh 5h 2d][Tc]
KassRM checks
Romain miklo checks
NotBadRiverr checks
*** RIVER *** [Jh 5h 2d Tc][8c]
KassRM checks
Romain miklo checks
NotBadRiverr checks
*** SHOW DOWN ***
NotBadRiverr shows [Kc Qh] (High card : King)
Romain miklo shows [4c 4h] (One pair : 4)
KassRM shows [8d Ad] (One pair : 8)
KassRM collected 1750 from pot
*** SUMMARY ***
Total pot 1750 | No rake
Board: [Jh 5h 2d Tc 8c]
Seat 2: NotBadRiverr (button) showed [Kc Qh] and lost with High card : King
Seat 4: KassRM (big blind) showed [8d Ad] and won 1750 with One pair : 8
Seat 5: Romain miklo showed [4c 4h] and lost with One pair : 4